@BOOK{englich,
	title={Úvod do praktické fyziky I},
	publisher={MATFYZPRESS},
	year={2006},
	author={Jiří Englich},
	isbn={80-86732-93-2}
}

@MISC{ZFP,
	title={Studium proudění viskózní kapaliny trubicemi kruhového průřezu},
	howpublished={Studijní text pro fyzikální praktikum I MFF UK [online] [cit.~21.~3.~2016] Dostupné z \url{http://physics.mff.cuni.cz/vyuka/zfp/_media/zadani/texty/txt_103.pdf}},
	key={Z}
}

@MISC{tihovyzrychleni,
	title={The development and evaluation of the Earth Gravitational Model 2008 (EGM2008)},
	author={Nikolaos K. Pavlis and Simon A. Holmes and Steve C. Kenyon and John K. Factor},
	journal={Journal of Geophysical Research: Solid Earth (1978-2012)},
	volume={Volume 117, Issue B4},
	year={2012},
	month={Duben}
}

@MISC{viskozita,
	title={Viscopedia | A free encyclopedia for viscosity},
	howpublished={[cit.~21.~3.~2016] Dostupné z \url{http://www.viscopedia.com/viscosity-tables/substances/water/}},
	key={V}
}

@BOOK{broz,
	title={Základy fyzikálních měření I},
	publisher={SPN, Praha},
	year={1967},
	author={J. Brož and others}
}